@phdthesis{marks,
  title  = {ABUTTED IRLED INFRARED SCENE PROJECTOR DESIGN AND
            THEIR CHARACTERIZATION:
            A TALE OF STRIFE AND SEMICONDUCTORS},
  school = {University of Delaware},
  author = {Joshua Marks},
  year   = {2019}
}

@article{spie:2015,
  title   = {Development of an ultra-high temperature infrared scene projector at Santa Barbara Infrared Inc.},
  author  = {G. Franks and J. Laveigne and T. Danielson and S. McHugh and J. Lannon and S. Goodwin},
  journal = {SPIE DEFENSE + SECURITY},
  volume  = {9452},
  year    = {2015}
}

@mastersthesis{peyman,
  author = {Peyman Barakhshan},
  school = {University of Delaware},
  title  = {THERMAL PERFORMANCE CHARACTERIZATION OF A 512x512 MID-WAVE INFRARED SUPER LATTICE LIGHT EMITTING DIODE PROJECTOR},
  year   = {2016}
}

@mastersthesis{tianne,
  author = {Tianne Lassiter},
  school = {University of Delaware},
  title  = {SCALABLE BOARD ARCHITECTURE DESIGN AND MECHANICAL ADAPTATIONS FOR INFRARED SCENE PROJECTOR SYSTEMS},
  year   = {2019}
}

@phdthesis{chris,
  author = {Christopher Jackson},
  school = {University of Delaware},
  title  = {HARDWARE AND CLOSE SUPPORT ELECTRONICS ARCHITECTURES FOR ENABLING A PACKETIZED DISPLAY PROTOCOL ON IRLED SCENE PROJECTORS},
  year   = {2021}
}

@mastersthesis{miguel,
  author = {Miguel Hernandez},
  school = {University of Delaware},
  title  = {DATA COLLECTION AND ANALYSIS OF READ-IN INTEGRATED CIRCUITS DESIGNED TO DRIVE ARRAYS OF INFRARED LIGHT EMITTING DIODES USING A SCALABLE AND MODULAR TESTING PLATFORM FOR INFRARED SCENE PROJECTOR},
  year   = {2016}
}

@article{pdp_ieee,
  author  = {T. Browning and C. Jackson and R. Houser and A. Landwehr and H. Ahmed and F.E. Kiamilev},
  journal = {IEEE Photonics},
  number  = {3},
  title   = {A Modular Platform for Rapid IRSP Development},
  volume  = {11},
  year    = {2019}
}

@article{alteravga,
  author  = {Devon Andrade},
  journal = {Altera},
  number  = {},
  title   = {Basic VGA Controller Design Example},
  volume  = {},
  year    = {2015}
}

@manual{feeltech,
  author = {FeelTech},
  title  = {FeelTech FY6900 Manual}
}

@manual{pyserial,
  author = {Paul Anton Letnes},
  title  = {pySerial Documentation}
}

@manual{vxi,
  author = {VXIbus Consortium, Inc.},
  title  = {VXI-1 Revision 4.0 System Specification},
  year   = {2010}
}